@article{tward2008cascaded,
  title={Cascaded systems analysis of the 3D noise transfer characteristics of flat-panel cone-beam {CT}},
  author={Tward, Daniel J and Siewerdsen, Jeffrey H},
  journal={Medical physics},
  volume={35},
  number={12},
  pages={5510--5529},
  year={2008},
  publisher={American Association of Physicists in Medicine}
}

@article{gang2010anatomical,
  title={Anatomical background and generalized detectability in tomosynthesis and cone-beam {CT}},
  author={Gang, GJ and Tward, Daniel J and Lee, J and Siewerdsen, JH},
  journal={Medical physics},
  volume={37},
  number={5},
  pages={1948--1965},
  year={2010},
  publisher={American Association of Physicists in Medicine}
}

@article{gang2011analysis,
  title={Analysis of Fourier-domain task-based detectability index in tomosynthesis and cone-beam {CT} in relation to human observer performance},
  author={Gang, Grace J and Lee, Junghoon and Stayman, J Webster and Tward, Daniel J and Zbijewski, W and Prince, Jerry L and Siewerdsen, Jeffrey H},
  journal={Medical physics},
  volume={38},
  number={4},
  pages={1754--1768},
  year={2011},
  publisher={American Association of Physicists in Medicine}
}

@article{segars2013population,
  title={Population of anatomically variable 4D XCAT adult phantoms for imaging research and optimization},
  author={Segars, WP and Bond, Jason and Frush, Jack and Hon, Sylvia and Eckersley, Chris and Williams, Cameron H and Feng, Jianqiao and Tward, Daniel J and Ratnanather, JT and Miller, MI and Frush, D and Samei, E},
  journal={Medical physics},
  volume={40},
  number={4},
  year={2013},
  publisher={American Association of Physicists in Medicine}
}

@article{li2012effects,
  title={Effects of protocol and obesity on dose conversion factors in adult body {CT}},
  author={Li, Xiang and Samei, Ehsan and Williams, Cameron H and Segars, W Paul and Tward, Daniel J and Miller, Michael I and Ratnanather, J Tilak and Paulson, Erik K and Frush, Donald P},
  journal={Medical physics},
  volume={39},
  number={11},
  pages={6550--6571},
  year={2012},
  publisher={American Association of Physicists in Medicine}
}

@article{tward2009noise,
  title={Noise aliasing and the 3D NEQ of flat-panel cone-beam {CT}: Effect of 2D/3D apertures and sampling},
  author={Tward, Daniel J and Siewerdsen, Jeffrey H},
  journal={Medical physics},
  volume={36},
  number={8},
  pages={3830--3843},
  year={2009},
  publisher={American Association of Physicists in Medicine}
}

@article{tward2007soft,
  title={Soft-tissue detectability in cone-beam CT: Evaluation by 2AFC tests in relation to physical performance metrics},
  author={Tward, Daniel J and Siewerdsen, JH and Daly, MJ and Richard, S and Moseley, DJ and Jaffray, DA and Paul, NS},
  journal={Medical physics},
  volume={34},
  number={11},
  pages={4459--4471},
  year={2007},
  publisher={American Association of Physicists in Medicine}
}

@article{pineda2012beyond,
  title={Beyond noise power in 3D computed tomography: The local NPS and off-diagonal elements of the Fourier domain covariance matrix},
  author={Pineda, Angel R and Tward, Daniel J and Gonzalez, Antonio and Siewerdsen, Jeffrey H},
  journal={Medical physics},
  volume={39},
  number={6},
  pages={3240--3252},
  year={2012},
  publisher={American Association of Physicists in Medicine}
}

@inproceedings{tward2008cascadeda,
  title={Cascaded systems analysis of the 3D NEQ for cone-beam {CT} and tomosynthesis},
  author={Tward, Daniel J and Siewerdsen, JH and Fahrig, RA and Pineda, AR},
  booktitle={Proc. SPIE},
  volume={6913},
  pages={69131S},
  year={2008}
}

@article{tward2011patient,
  title={Patient specific dosimetry phantoms using multichannel LDDMM of the whole body},
  author={Tward, Daniel J and Ceritoglu, Can and Kolasny, Anthony and Sturgeon, Gregory M and Segars, W Paul and Miller, Michael I and Ratnanather, J Tilak},
  journal={Journal of Biomedical Imaging},
  volume={2011},
  pages={3},
  year={2011},
  publisher={Hindawi Publishing Corp.}
}

@article{miller2015amygdalar,
  title={Amygdalar atrophy in symptomatic Alzheimer's disease based on diffeomorphometry: the {BIOCARD} cohort},
  author={Miller, Michael I and Younes, Laurent and Ratnanather, J Tilak and Brown, Timothy and Trinh, Huong and Lee, David S and Tward, Daniel J and Mahon, Pamela B and Mori, Susumu and Albert, Marilyn and the {BIOCARD} research team},
  journal={Neurobiology of aging},
  volume={36},
  pages={S3--S10},
  year={2015},
  publisher={Elsevier}
}

@inproceedings{pineda2008analysis,
  title={Analysis of image noise in 3D cone-beam {CT}: spatial and Fourier domain approaches under conditions of varying stationarity},
  author={Pineda, Angel R and Siewerdsen, Jeffrey H and Tward, Daniel J},
  booktitle={Proc. SPIE},
  volume={6913},
  pages={69131Q},
  year={2008}
}

@inproceedings{yoon2009analysis,
  title={Analysis of lung nodule detectability and anatomical clutter in tomosynthesis imaging of the chest},
  author={Yoon, Sungwon and Gang, Jianan G and Tward, Daniel J and Siewerdsen, Jeffrey H and Fahrig, Rebecca},
  booktitle={Proc. SPIE},
  volume={7258},
  pages={72581M},
  year={2009}
}

@article{williams2007optimal,
  title={Optimal kVp selection for dual-energy imaging of the chest: Evaluation by task-specific observer preference tests},
  author={Williams, DB and Siewerdsen, JH and Tward, Daniel J and Paul, NS and Dhanantwari, AC and Shkumat, NA and Richard, S and Yorkston, J and Van Metter, R},
  journal={Medical physics},
  volume={34},
  number={10},
  pages={3916--3925},
  year={2007},
  publisher={American Association of Physicists in Medicine}
}

@article{norris2014set,
  title={A set of 4D pediatric XCAT reference phantoms for multimodality research},
  author={Norris, Hannah and Zhang, Yakun and Bond, Jason and Sturgeon, Gregory M and Minhas, Anum and Tward, Daniel J and Ratnanather, JT and Miller, MI and Frush, D and Samei, E and Segars, WP},
  journal={Medical physics},
  volume={41},
  number={3},
  year={2014},
  publisher={American Association of Physicists in Medicine}
}

@inproceedings{gang2010generalized,
  title={The generalized NEQ and detectability index for tomosynthesis and cone-beam {CT}: From cascaded systems analysis to human observers},
  author={Gang, GJ and Lee, J and Stayman, JW and Tward, Daniel J and Zbijewski, W and Prince, JL and Siewerdsen, JH},
  booktitle={Proceedings of SPIE},
  volume={7622},
  year={2010},
  organization={NIH Public Access}
}


@inproceedings{richard2008neq,
  title={NEQ and task in dual-energy imaging: from cascaded systems analysis to human observer performance},
  author={Richard, Samuel and Siewerdsen, Jeffrey H and Tward, Daniel J},
  booktitle={Proc. SPIE},
  volume={6913},
  pages={691311--1},
  year={2008}
}

@inproceedings{tward2011generating,
  title={Generating patient-specific dosimetry phantoms with whole-body diffeomorphic image registration},
  author={Tward, Daniel J and Ceritoglu, C and Sturgeon, G and Segars, WP and Miller, MI and Ratnanather, JT},
  booktitle={Bioengineering Conference (NEBEC), 2011 IEEE 37th Annual Northeast},
  pages={1--2},
  year={2011},
  organization={IEEE}
}

@article{tward2013robust,
  title={Robust diffeomorphic mapping via geodesically controlled active shapes},
  author={Tward, Daniel J and Ma, Jun and Miller, Michael I and Younes, Laurent},
  journal={Journal of Biomedical Imaging},
  volume={2013},
  pages={3},
  year={2013},
  publisher={Hindawi Publishing Corp.}
}

@article{bond2012series,
  title={Series of 4D adult XCAT phantoms for imaging research and dosimetry},
  author={Bond, Jason and Frush, Jack and Hon, Sylvia and Eckersley, Chris and Williams, Cameron H and Feng, Jianqiao and Tward, Daniel J and Ratnanather, Tilak JT and Miller, MI and Frush, D Samei, Ehsan and Seagers, Williams P},
  journal={Proc. SPIE 8313, Medical Imaging 2012: Physics of Medical Imaging},
  pages={83130P},
  year={2012}
}

@article{mahon2015morphometry,
  title={Morphometry of the amygdala in schizophrenia and psychotic bipolar disorder},
  author={Mahon, Pamela B and Lee, David S and Trinh, Huong and Tward, Daniel J and Miller, Michael I and Younes, Laurent and Barta, Patrick E and Ratnanather, J Tilak},
  journal={Schizophrenia research},
  volume={164},
  number={1},
  pages={199--202},
  year={2015},
  publisher={Elsevier}
}

@inproceedings{shkumat2007development,
  title={Development and implementation of a high-performance, cardiac-gated dual-energy imaging system},
  author={Shkumat, NA and Siewerdsen, JH and Dhanantwari, AC and Williams, DB and Richard, S and Tward, Daniel J and Paul, NS and Yorkston, J and Van Metterd, R},
  booktitle={Proc. of SPIE Vol},
  volume={6510},
  pages={651006--1},
  year={2007}
}

@article{miller2015network,
  title={Network neurodegeneration in Alzheimer's disease via {MRI} based shape diffeomorphometry and high-field atlasing},
  author={Miller, Michael I and Ratnanather, J Tilak and Tward, Daniel J and Brown, Timothy and Lee, David S and Ketcha, Michael and Mori, Kanami and Wang, Mei-Cheng and Mori, Susumu and Albert, Marilyn S and Younes, Laurent and the {BIOCARD} research team},
  journal={Frontiers in bioengineering and biotechnology},
  volume={3},
  year={2015},
  publisher={Frontiers Media SA}
}

@article{pineda2009mo,
  title={MO-D-304A-01: Spatial and Fourier Analysis of Non-Stationarity in 3D X-Ray Computed Tomography},
  author={Pineda, A and Tward, Daniel J and Gonzalez, A and Siewerdsen, J},
  journal={Medical Physics},
  volume={36},
  number={6},
  pages={2697--2697},
  year={2009},
  publisher={American Association of Physicists in Medicine}
}

@inproceedings{jain2014computational,
  title={Computational anatomy gateway: leveraging xsede computational resources for shape analysis},
  author={Jain, Saurabh and Tward, Daniel J and Lee, David S and Kolasny, Anthony and Brown, Timothy and Ratnanather, J Tilak and Miller, Michael I and Younes, Laurent},
  booktitle={Proceedings of the 2014 Annual Conference on Extreme Science and Engineering Discovery Environment},
  pages={54},
  year={2014},
  organization={ACM}
}

@inproceedings{norris2014development,
  title={The development of a population of 4D pediatric XCAT phantoms for {CT} imaging research and optimization},
  author={Norris, Hannah and Zhang, Yakun and Frush, Jack and Sturgeon, Gregory M and Minhas, Anum and Tward, Daniel J and Ratnanather, J Tilak and Miller, MI and Frush, Donald and Samei, Ehsan and Segars, WP},
  booktitle={SPIE Medical Imaging},
  pages={90331V--90331V},
  year={2014},
  organization={International Society for Optics and Photonics}
}

@article{segars2015development,
  title={The development of a population of 4D pediatric XCAT phantoms for imaging research and optimization},
  author={Segars, WP and Norris, Hannah and Sturgeon, Gregory M and Zhang, Yakun and Bond, Jason and Minhas, Anum and Tward, Daniel J and Ratnanather, JT and Miller, MI and Frush, D and Samei, E},
  journal={Medical physics},
  volume={42},
  number={8},
  pages={4719--4726},
  year={2015},
  publisher={American Association of Physicists in Medicine}
}


@article{richard2007we,
  title={WE-C-L100J-07: Investigation of Fourier-Based, Hypothesis-Testing Detection and Discrimination Tasks in Dual-Energy Imaging},
  author={Richard, S and Siewerdsen, J and Tward, Daniel J},
  journal={Medical Physics},
  volume={34},
  number={6},
  pages={2586--2586},
  year={2007},
  publisher={American Association of Physicists in Medicine}
}

@inproceedings{tward2014improved,
  title={Improved reproducibility of neuroanatomical definitions through diffeomorphometry and complexity reduction},
  author={Tward, Daniel J and Jovicich, Jorge and Soricelli, Andrea and Frisoni, Giovanni and Trouv{\'e}, Alain and Younes, Laurent and Miller, Michael},
  booktitle={International Workshop on Machine Learning in Medical Imaging},
  pages={223--230},
  year={2014},
  organization={Springer, Cham}
}


@article{tward2008we,
  title={WE-C-332-01: Cascaded Systems Analysis of the 3D NEQ of Cone-Beam {CT}: Investigation of Voxel Size in Relation to 3D Noise Aliasing},
  author={Tward, Daniel J and Richard, S and Siewerdsen, J},
  journal={Medical Physics},
  volume={35},
  number={6},
  pages={2939--2939},
  year={2008},
  publisher={American Association of Physicists in Medicine}
}

@inproceedings{sturgeon2016eigenbreasts,
  title={Eigenbreasts for statistical breast phantoms},
  author={Sturgeon, Gregory M and Tward, Daniel J and Ketcha, M and Ratnanather, JT and Miller, MI and Park, Subok and Segars, WP and Lo, Joseph Y},
  booktitle={SPIE Medical Imaging},
  pages={97832B--97832B},
  year={2016},
  organization={International Society for Optics and Photonics}
}

@article{siewerdsen2006th,
  title={TH-C-330A-08: Soft-Tissue Detectability Limits in Cone-Beam {CT}: 2AFC Tests of Human Observer Performance in Relation to Contrast, Spatial Resolution, and the 3D Noise-Power Spectrum},
  author={Siewerdsen, J and Tward, Daniel J and Daly, M and Paul, N},
  journal={Medical Physics},
  volume={33},
  number={6},
  pages={2267--2267},
  year={2006},
  publisher={American Association of Physicists in Medicine}
}

@incollection{miller2015bayesian,
  title={Bayesian multiple atlas deformable templates},
  author={Miller, MI and Mori, S and Tang, X and Tward, Daniel J and Zhang, Y},
  booktitle={Acquisition Methods, Methods and Modeling},
  year={2015},
  publisher={Elsevier Inc.}
}

@article{gang2009ff,
  title={SU-FF-I-113: Anatomical Power Spectrum and Detectability: An Analytical and Experimental Basis},
  author={Gang, G and Tward, Daniel J and Siewerdsen, J},
  journal={Medical Physics},
  volume={36},
  number={6},
  pages={2460--2461},
  year={2009},
  publisher={American Association of Physicists in Medicine}
}

@article{tward2015changes,
  title={Changes in medial temporal lobe anatomy quantified using probabilistic atlas construction and surface diffeomorphometry},
  author={Tward, Daniel J and Bakker, Arnold and Gallagher, Michela and Miller, Michael},
  journal={Alzheimer's \& Dementia: The Journal of the Alzheimer's Association},
  volume={11},
  number={7},
  pages={P49--P50},
  year={2015},
  publisher={Elsevier}
}

@article{norris2013mo,
  title={MO-D-141-10: Development of 4D XCAT Pediatric Reference Phantoms for Multi-Modality Imaging Research and Optimization},
  author={Norris, H and Bond, J and Zhang, Y and Sturgeon, G and Tward, Daniel J and Ratnanather, T and Miller, M and Samei, E and Segars, P},
  journal={Medical Physics},
  volume={40},
  number={6},
  pages={401--401},
  year={2013},
  publisher={American Association of Physicists in Medicine}
}

@article{faria2016linking,
  title={Linking white matter and deep gray matter alterations in premanifest Huntington disease},
  author={Faria, Andreia V and Ratnanather, J Tilak and Tward, Daniel J and Lee, David Soobin and Van Den Noort, Frieda and Wu, Dan and Brown, Timothy and Johnson, Hans and Paulsen, Jane S and Ross, Christopher A and Younes, Laurent},
  journal={NeuroImage: Clinical},
  volume={11},
  pages={450--460},
  year={2016},
  publisher={Elsevier}
}

@article{gang2010th,
  title={TH-D-201B-01: Task-Based Analysis of Detectability in Tomosynthesis and Cone-Beam {CT}: Validation of Fourier Metrics in Comparison to Real Observers},
  author={Gang, G and Lee, J and Stayman, J and Tward, Daniel J and Zbijewski, W and Prince, J and Siewerdsen, J},
  journal={Medical Physics},
  volume={37},

  number={6},
  pages={3471--3472},
  year={2010},
  publisher={American Association of Physicists in Medicine}
}

@article{tward2017parametric,
  title={Parametric surface diffeomorphometry for low dimensional embeddings of dense segmentations and imagery},
  author={Tward, Daniel J and Miller, Michael and Trouve, Alain and Younes, Laurent},
  journal={IEEE transactions on pattern analysis and machine intelligence},
  volume={39},
  number={6},
  pages={1195--1208},
  year={2017},
  publisher={IEEE}
}

@inproceedings{tward2016tools,
  title={Tools for studying populations and timeseries of neuroanatomy enabled through {GPU} acceleration in the Computational Anatomy Gateway},
  author={Tward, Daniel J and Kolasny, Anthony and Sicat, Chelsea S and Brown, Timothy and Miller, Michael I},
  booktitle={Proceedings of the XSEDE16 Conference on Diversity, Big Data, and Science at Scale},
  pages={15},
  year={2016},
  organization={ACM}
}

@inproceedings{bian2009sparse,
  title={Sparse data reconstruction of flat-panel cone-beam {CT} for potential use in image-guided surgery},
  author={Bian, J and Han, X and Sidky, EY and Tward, Daniel J and Siewerdsen, JH and Pan, X},
  booktitle={Proceedings of the 10th International Meeting on Fully Three-Dimensional Image Reconstruction in Radiology and Nuclear Medicine},
  pages={231--233},
  year={2009}
}

@inproceedings{tward2016reducing,
  title={Reducing Variability in Anatomical Definitions Over Time Using Longitudinal Diffeomorphic Mapping},
  author={Tward, Daniel J and Sicat, Chelsea S and Brown, Timothy and Bakker, Arnold and Miller, Michael I},
  booktitle={International Workshop on Spectral and Shape Analysis in Medical Imaging},
  pages={51--62},
  year={2016},
  organization={Springer International Publishing}
}

@inproceedings{tward2017performance,
  title={Performance of Image Matching in the Computational Anatomy Gateway: {CPU} and {GPU} Implementations in {OpenCL}},
  author={Tward, Daniel J and Lee, Brian and Mitra, Partha and Miller, Michael I},
  booktitle={Proceedings of the Practice and Experience in Advanced Research Computing 2017 on Sustainability, Success and Impact},
  pages={46},
  year={2017},
  organization={ACM}
}

@phdthesis{tward2017singular,
  title={Singular geodesic coordinates for representing diffeomorphic maps in computational anatomy, with application to the morphometry of early Alzheimer's disease in the medial temporal lobe},
  author={Tward, Daniel J},
  year={2017},
  school={Johns Hopkins University}
}

@article{tward2017entorhinal,
  title={Entorhinal and transentorhinal atrophy in mild cognitive impairment using longitudinal diffeomorphometry},
  author={Tward, Daniel J and Sicat, Chelsea S and Brown, Timothy and Bakker, Arnold and Gallagher, Michela and Albert, Marilyn and Miller, Michael and for the Alzheimer's Disease Neuroimaging Initiative},
  journal={Alzheimer's \& Dementia: Diagnosis, Assessment \& Disease Monitoring},
  volume={9},
  pages={41--50},
  year={2017},
  publisher={Elsevier}
}

@incollection{tward2017unbiased,
  title={Unbiased Diffeomorphic Mapping of Longitudinal Data with Simultaneous Subject Specific Template Estimation},
  author={Tward, Daniel J and Miller, Michael and for the Alzheimer's Disease Neuroimaging Initiative},
  booktitle={Graphs in Biomedical Image Analysis, Computational Anatomy and Imaging Genetics},
  pages={125--136},
  year={2017},
  publisher={Springer, Cham}
}

@article{tward2017complexity,
  title={On the complexity of human neuroanatomy at the millimeter morphome scale: Developing codes and characterizing entropy indexed to spatial scale},
  author={Tward, Daniel J and Miller, Michael I},
  journal={Frontiers in Neuroscience},
  volume={11},
  pages={577},
  year={2017},
  publisher={Frontiers}
}

@inproceedings{tward2016local,
title={Local atrophy of entorhinal and trans-entorhinal cortex in mild cognitive impairment measured via diffeomorphometry},
author={Tward, Daniel J and Sicat, CC and Brown, T and Miller, EA and Ratnanather, JT and Younes, L and Bakker, A and Albert, M and Gallagher, M and Mori, S and Miller, MI},
booktitle={Society for Neuroscience Annual Meeting 2016},
year={2016}
}

SFN 2017
@inproceedings{tward2017tools,
title={Tools for registering {11T} ex-vivo {MRI} of the human medial temporal lobe to a standard atlas coordinate system},
author={Tward, Daniel J and Brown, T and Lee, B and Ratnanather, JT and Mori, S and Troncoso, J and Miller, MI},
booktitle={Society for Neuroscience Annual Meeting 2017},
year={2017},
pages={531.01 / WW5}
}
http://www.abstractsonline.com/pp8/index.html#!/4376/presentation/24114

Brians SFN 2017
Computational anatomy methods for registration of high resolution mouse brain histology images using multichannel {LDDMM}
@inproceedings{lee2017computational,
title={Computational anatomy methods for registration of high resolution mouse brain histology images using multichannel LDDMM},
author={Lee, B and Tward, Daniel J and Ferrante, D D and Ram, K and Mitra, P P and Miller M I},
year={2017},
pages={342.05 / VV18},
booktitle={Society for Neuroscience Annual Meeting 2017}
}
http://www.abstractsonline.com/pp8/index.html#!/4376/presentation/2059

sfn 2014
@inproceedings{kulason2014anatomical,
author={Kulason, S. and Tward, Daniel J. and Ng, K. and Zhang, Y. and Zhang, J. and Krakauer, J. W. and Ratnanather, J. T. and O'Brien, R. and Miller, M.},
title={Anatomical biomarkers of learning in a murine model},
year={2014},
booktitle={Society for Neuroscience Annual Meeting 2014},
pages={91.07/RR14}
}


@article{tward2018quantification,
  title={QUANTIFICATION OF 3D TANGLE DISTRIBUTION IN MEDIAL TEMPORAL LOBE USING MULTIMODAL IMAGE REGISTRATION AND CONVOLUTIONAL NEURAL NETWORKS},
  author={Tward, Daniel J and Brown, Timothy and Patel, Jaymin and Kageyama, Yusuke and Mori, Susumu and Troncoso, Juan C and Miller, Michael},
  journal={Alzheimer's \& Dementia: The Journal of the Alzheimer's Association},
  volume={14},
  number={7},
  pages={P57},
  year={2018},
  publisher={Elsevier}
}

@article{kulason2018cortical,
  title={CORTICAL THICKNESS ATROPHY IN THE TRANSENTORHINAL CORTEX IN MILD COGNITIVE IMPAIRMENT},
  author={Kulason, Sue and Tward, Daniel J and Sicat, Chelsea S and Bakker, Arnold and Gallagher, Michela and Albert, Marilyn S and Miller, Michael},
  journal={Alzheimer's \& Dementia: The Journal of the Alzheimer's Association},
  volume={14},
  number={7},
  pages={P84--P85},
  year={2018},
  publisher={Elsevier}
}





Nature methods

@article{vogelstein2018community,
title={A Community-Developed Open-Source Computational Ecosystem for Big Neuro Data},
author={Vogelstein, J and Perlman, E and Falk, B and Baden, A and Roncal, W G and Chandreshekhar, V and Collman, F and Seshamani, S and Patsolic, J and Lillaney, K and Kazhdan, M and Hider, R Jr. and Pryor, D and Matelsky, J and Crow, A and Write, M and Smith, S and Gion, T and Manavalan, P and Wester, B and Chevillet, M and Trautman, E and Khairy, K and Bridgeford, E and Kleissas, D and Tward, Daniel J and Miller, M and Vogelstein, R and Deisseroth, K and Burns, R},
journal={Nature Methods},
year={2018},
month={10},
day={30},
ISBN={1548-7105}
}



@article{kiar2018neurostorm,
  title={NeuroStorm: Accelerating Brain Science Discovery in the Cloud},
  author={Kiar, Gregory and Anderson, Robert J and Baden, Alex and Badea, Alexandra and Bridgeford, Eric W and Champion, Andrew and Chandrashekhar, Vikram and Collman, Forrest and Duderstadt, Brandon and Evans, Alan C and Engert, Florian and Falk, Benjamin and Glatard, Tristan and Roncal, William R Gray and Kennedy, David N and Maitin-Shepard, Jeremy and Marren, Ryan A and Nnaemeka, Onyeka and Perlman, Eric and Seshamani, Sharmishtaas and Trautman, Eric T and Tward, Daniel J and Valdes-Sosa, Pedro Antonio and Wang, Qing and Miller, Michael I and Burns, Randal and Vogelstein, Joshua T},
  journal={arXiv preprint arXiv:1803.03367},
  year={2018}
}


@article{miller2018computational,
  title={Computational anatomy and diffeomorphometry: A dynamical systems model of neuroanatomy in the soft condensed matter continuum},
  author={Miller, Michael I and Arguill{\`e}re, Sylvain and Tward, Daniel J and Younes, Laurent},
  journal={Wiley Interdisciplinary Reviews: Systems Biology and Medicine},
  pages={e1425},
  year={2018},
  publisher={John Wiley \& Sons, Inc. Hoboken, USA}
}



% sfn 2018

@inproceedings{graves2018imaging,
title={Imaging endogenous AMPA receptor dynamics in vitro and in vivo},
author={Graves, A. R. and Roth, R. H. and Tward, Daniel J. and Miller, M. I. and Vogelstein, J. T. and Huganir, R. L.},
booktitle={Society for Neuroscience Annual Meeting 2018},
pages={288.03 / H3},
year={2018}
}

@inproceedings{branch2018registration,
title={Registration methodology for cleared rodent brain tissue },
author={Branch, A. E. and Tward, Daniel J. and Chandrashekar, V. and Miller, M. and Vogelstein, J. T. and Gallagher, M.},
booktitle={Society for Neuroscience Annual Meeting 2018},
pages={611.12 / LLL39},
year={2018}
}


% Now under review

% my qam ( this is now accepted )
@article{tward2019estimating,
  title={Estimating diffeomorphic mappings between templates and noisy data: Variance bounds on the estimated canonical volume form},
  author={Tward, Daniel J and Mitra, Partha and Miller, Michael},
  journal={Quarterly of Applied Mathematics},
  volume={77},
  number={2},
  pages={467--488},
  year={2019}
}


% brian
@article{lee2018variational,
  title={On variational solutions for whole brain serial-section histology using the computational anatomy random orbit model},
  author={Lee, Brian C. and Tward, Daniel J. and Mitra, Partha P. and Miller, Michael I.},
  journal={PLOS Computational Biology},
  year={2018},
  volume={14},
  number={12},
  pages={e1006610},
  publisher={Public Library of Science}
}


% sue
@article{kulason2018corticala,
  title={Cortical thickness atrophy in the transentorhinal cortex in mild cognitive impairment},
  author={Kulason, Sue and Tward, Daniel J and Brown, Timothy and Sicat, Chelsea S and Liu, Chin-Fu and Ratnanather, J Tilak and Younes, Laurent and Bakker, Arnold and Gallagher, Michela and Albert, Marilyn and Miller, Michael I},
  journal={NeuroImage: Clinical},
  pages={101617},
  year={2018},
  publisher={Elsevier}
}


% 2018 aro
@inproceedings{tward2018speech,
title={Speech Perception Analysis via Automated 
Phoneme Alignment},
author={Wang, Lydia and Heiman, Zachary and Tward, Daniel J and Ratnanather, Tilak},
booktitle={Association for Research in Otolaryngology Midwinter Meeting 2018},
pages={PS 236},
year={2018}
}



% 2019 aro
@inproceedings{tward2019equivolumetric,
title={Equivolumetric Normal Coordinate Systems for Structural Analysis of Feline Auditory Cortical Areas},
author={Kutten, Kwame and Hubka, Peter and Tward, Daniel J and Younes, Laurent and Kral, Andrej and Ratnanather, Tilak},
booktitle={Association for Research in Otolaryngology Midwinter Meeting 2019},
pages={PS 37},
year={2019}
}
@inproceedings{tward2019linking,
title={Linking Vestibular Function and Cortical and Sub-Cortical Alterations in an Aging Population},
author={Jacob, Athira and Tward, Daniel J  and Flaherty, Sarah and Resnick, Susan and Ratnanather, Tilak and Agrawal, Yuri},
booktitle={Association for Research in Otolaryngology Midwinter Meeting 2019},
pages={PS 402},
year={2019}
}


% sfn 2019
@inproceedings{kulason2019alzheimers,
title={Longitudinal {MRI} study on the progression of transentorhinal cortical thinning during early stages of Alzheimer's disease: BIOCARD and ADNI cohorts},
author={Kulason, S and Tward, Daniel J and Brown, T and Albert, M S and Miller M I},
booktitle={Society for Neuroscience Annual Meeting 2019},
pages={125.14 / C80},
year={2019}
}

@inproceedings{graves2019imaging,
title={Imaging endogenous AMPA receptor dynamics underlying fear learning},
author={Graves, A R and Tward, Daniel J and Miller, M I and Vogelstein, J T and Huganir, R L},
booktitle={Society for Neuroscience Annual Meeting 2019},
pages={513.05 / Z23},
year={2019}
}

@inproceedings{tward2019robust,
title={Robust mapping of sectioned or 3D mouse brain images from multiple modalities using {EM-LDDMM}},
author={Tward, Daniel J and Lee, B C and Li, X and Huo, B and Mitra, P P and Miller, M},
booktitle={Society for Neuroscience Annual Meeting 2019},
pages={525.21 / DD54},
year={2019}
}

@inproceedings{tward2019expanding,
  title={Expanding the Computational Anatomy Gateway from clinical imaging to basic neuroscience research},
  author={Tward, Daniel J and Kolasny, Anthony and Khan, Fatima and Troncoso, Juan and Miller, Michael},
  booktitle={Proceedings of the Practice and Experience in Advanced Research Computing on Rise of the Machines (learning)},
  pages={9},
  year={2019},
  organization={ACM}
}


% embc
@inproceedings{lee2019diffeomorphic,
  title={Diffeomorphic Upsampling of Serially Acquired Sparse 2D Cross-Sections in Cardiac MRI},
  author={Lee, Brian C and Tward, Daniel J and Wei, Jinchi and Tipre, Dnyanesh and Weiss, Robert G and Miller, Michael I and Ardekani, Siamak},
  booktitle={2019 41st Annual International Conference of the IEEE Engineering in Medicine and Biology Society (EMBC)},
  pages={4491--4495},
  year={2019},
  organization={IEEE}
}

% miccai
@incollection{tward20193d,
  title={3D Mapping of Serial Histology Sections with Anomalies Using a Novel Robust Deformable Registration Algorithm},
  author={Tward, Daniel J and Li, Xu and Huo, Bingxing and Lee, Brian and Mitra, Partha and Miller, Michael},
  booktitle={Multimodal Brain Image Analysis and Mathematical Foundations of Computational Anatomy},
  pages={162--173},
  year={2019},
  publisher={Springer},
note={Winner of 2020 MICCAI Shape Special Interest Group Best Paper Award}
}


% audrey rat
@article{branch2019optimized,
  title={An optimized protocol for {iDISCO+} rat brain clearing, imaging, and analysis},
  author={Branch, Audrey and Tward, Daniel J and Vogelstein, Joshua T and Wu, Zhuhao and Gallagher, Michela},
  journal={bioRxiv},
  pages={639674},
  year={2019},
  publisher={Cold Spring Harbor Laboratory},
  note={preprint}
}

% tward 2d3d
@article{tward2019lddmm,
  title={{EM-LDDMM} for 3D to 2D registration},
  author={Tward, Daniel J and Miller, Michael},
  journal={BioRxiv},
  pages={604405},
  year={2019},
  publisher={Cold Spring Harbor Laboratory},
  note={preprint}
}


% xsede 2015 poster
@inproceedings{tward2015gpu,
  title={GPU Acceleration on the Stampede Cluster for the Computational Anatomy Gateway},
  author={Tward, Daniel J and Kolasny, A and Charon, N and Miller, M I and Younes, L},
  booktitle={Proceedings of the 2015 Annual Conference on Extreme Science and Engineering Discovery Environment},
  pages={1},
  year={2015}
}











% add new things in july 2020
% this was on biorxiv in last version but is now published
@article{tward2020diffeomorphic,
  title={Diffeomorphic registration with intensity transformation and missing data: Application to 3D digital pathology of Alzheimer's disease},
  author={Tward, Daniel J and Brown, Timothy and Kageyama, Yusuke and Patel, Jaymin and Hou, Zhipeng and Mori, Susumu and Albert, Marilyn and Troncoso, Juan and Miller, Michael},
  journal={Frontiers in neuroscience},
  volume={14},
  year={2020},
  publisher={Frontiers Media SA}
}


@article{charles2020toward,
  title={Toward Community-Driven Big Open Brain Science: Open Big Data and Tools for Structure, Function, and Genetics},
  author={Charles, Adam S and Falk, Benjamin and Turner, Nicholas and Pereira, Talmo D and Tward, Daniel J and Pedigo, Benjamin D and Chung, Jaewon and Burns, Randal and Ghosh, Satrajit S and Kebschull, Justus M and Silversmith, William and Vogelstein, Joshua T},
  journal={Annual Review of Neuroscience},
  volume={43},
  year={2020},
  publisher={Annual Reviews}
}

@inproceedings{miller2020coarse,
  title={Coarse-to-Fine Hamiltonian Dynamics of Hierarchical Flows in Computational Anatomy},
  author={Miller, Michael I and Tward, Daniel J and Trouve, Alain},
  booktitle={Proceedings of the IEEE/CVF Conference on Computer Vision and Pattern Recognition Workshops},
  pages={860--861},
  year={2020}
}

@inproceedings{lee2020infinitesimal,
  title={Infinitesimal Drift Diffeomorphometry Models for Population Shape Analysis},
  author={Lee, Brian C and Tward, Daniel J and Hu, Zhiyi and Trouve, Alain and Miller, Michael I},
  booktitle={Proceedings of the IEEE/CVF Conference on Computer Vision and Pattern Recognition Workshops},
  pages={862--863},
  year={2020}
}


@article{graves2020visualizing,
  title={Visualizing synaptic plasticity in vivo by large-scale imaging of endogenous {AMPA} receptors},
  author={Graves, Austin and Roth, Richard and Tan, Han and Zhu, Qianwen and Bygrave, Alexei and Lopez-Ortega, Elena and Spiegel, Alina and Hong, Ingie and Johnson, Richard and Vogelstein, Joshua and Tward, Daniel J and Miller, Michael and Huganir, Richard},
  journal={bioRxiv},
  year={2020},
  publisher={Cold Spring Harbor Laboratory}
}

@article{tward2020solving,
  title={Solving the where problem in neuroanatomy: a generative framework with learned mappings to register multimodal, incomplete data into a reference brain},
  author={Tward, Daniel J and Li, Xu and Huo, Bingxing and Lee, Brian C and Miller, Michael and Mitra, Partha Pratim},
  journal={bioRxiv},
  year={2020},
  publisher={Cold Spring Harbor Laboratory}
}



% this will have to be updated later



% Frederick's publication
@inproceedings{xu20203D,
title={3D printing hippocampi to depict atrophy-related Alzheimer's biomarkers},
author={Xu, Frederick and Xu, Eileen and Troncoso, Juan and Albert, Marilyn and Tward, Daniel J and Miller, Michael},
booktitle={Proceedings of the 2020 Summer Biomechanics, Bioengineering, and Biotransport Conference},
month={June},
year={2020},
publisher={SB 3 C Foundation},
note={ISBN: 978‐1‐7351808‐1‐6}
}


@article{kulason2020entorhinal,
  title={Entorhinal and transentorhinal atrophy in preclinical Alzheimer's disease},
  author={Kulason, Sue and Xu, Eileen and Tward, Daniel J and Albert, Marilyn S and Younes, Laurent and Miller, Michael I},
  journal={Frontiers in Neuroscience},
  volume={14},
  pages={804},
  year={2020},
  month={08},
  day={21},
  publisher={Frontiers},
  summary={This work discusses atrophy in the medial temporal lobe during the progression of early Alzheimer's disease.}
}




@article{jacob2020vestibular,
  title={Vestibular function and cortical and sub-cortical alterations in an aging population},
  author={Jacob, Athira and Tward, Daniel J and Resnick, Susan and Smith, Paul F and Lopez, Christophe and Rebello, Elliott and Wei, Eric X and Ratnanather, J Tilak and Agrawal, Yuri},
  journal={Heliyon},
  volume={6},
  number={8},
  pages={e04728},
  year={2020},
  month={08},
  day={17},
  publisher={Elsevier},
  summary={ This work discusses the association between visbular function (measured through cervical vestibular-evoked myogenic potential) and brain structures of interest using imaging data from the Baltimore Longitudinal Study of Aging.}
}




% adding this in feb 2021


@article{athey20217,
  title={A 7 Tesla Amygdalar-Hippocampal Shape Analysis of Lithium Response in Bipolar Disorder},
  author={Athey, Thomas Lee and Ceritoglu, Can and Tward, Daniel Jacob and Kutten, Kwame S and Depaulo, J Raymond and Glazer, Kara and Goes, Fernando Sampaio and Kelsoe, John R and Mondimore, Francis and Nievergelt, Caroline M and others},
  journal={Frontiers in Psychiatry},
  volume={12},
  pages={99},
  year={2021},
  publisher={Frontiers}
}

@article{chandrashekhar2021cloudreg,
  title={CloudReg: Automatic Terabyte-Scale Cross-Modal Brain Volume Registration},
  author={Chandrashekhar, Vikram and Tward, Daniel Jacob and Crowley, Devin G and Crow, Ailey K and Wright, Matthew A and Hsueh, Brian Y and Gore, Felicity and Machado, Timothy A and Branch, Audrey and Rosenblum, Jared S and others},
  journal={bioRxiv},
  year={2021},
  publisher={Cold Spring Harbor Laboratory}
}

